%% This BibTeX bibliography file was created using BibDesk.
%% http://bibdesk.sourceforge.net/

%% Created for Alexandre Day at 2018-03-24 13:27:46 -0400 


%% Saved with string encoding Unicode (UTF-8) 



@electronic{maatenwebsite,
	Author = {Laurens van der Maaten},
	Date-Added = {2018-03-24 17:25:49 +0000},
	Date-Modified = {2018-03-24 17:27:29 +0000},
	Title = {t-SNE},
	Urldate = {https://lvdmaaten.github.io/tsne/}}

@book{moore2011nature,
	Author = {Moore, Cristopher and Mertens, Stephan},
	Date-Added = {2018-03-24 16:17:18 +0000},
	Date-Modified = {2018-03-24 16:17:18 +0000},
	Publisher = {OUP Oxford},
	Title = {The nature of computation},
	Year = {2011}}

@article{venturelli2015quantum,
	Author = {Venturelli, Davide and Mandra, Salvatore and Knysh, Sergey and O'Gorman, Bryan and Biswas, Rupak and Smelyanskiy, Vadim},
	Date-Added = {2018-03-24 16:17:04 +0000},
	Date-Modified = {2018-03-24 16:17:04 +0000},
	Journal = {Physical Review X},
	Number = {3},
	Pages = {031040},
	Publisher = {APS},
	Title = {Quantum optimization of fully connected spin glasses},
	Volume = {5},
	Year = {2015}}

@article{ricci2010being,
	Author = {Ricci-Tersenghi, Federico},
	Journal = {Science},
	Number = {6011},
	Pages = {1639--1640},
	Publisher = {American Association for the Advancement of Science},
	Title = {Being glassy without being hard to solve},
	Volume = {330},
	Year = {2010}}
